@book{lamport94,
  author    = {Leslie Lamport},
  title     = {LaTeX: A Document Preparation System},
  year      = {1994},
  publisher = {Addison-Wesley},
  edition   = {2nd}
}

@book{knuth84,
  author    = {Donald E. Knuth},
  title     = {The TeXbook},
  year      = {1984},
  publisher = {Addison-Wesley}
}
